@misc{wiki:metallica,
    author = {Wikipedia},
    title = {Metallica},
    year = {2024},
    url = {https://en.wikipedia.org/wiki/Metallica},
    note = {Online; accessed <2025/06/17>]}
}

@misc{wiki:coldplay,
  author = {Wikipedia},
  title = {Coldplay},
  year = {2024},
  url = {https://en.wikipedia.org/wiki/Coldplay},
  note = {[Online; accessed <2025/06/17>]}
}
