@misc{ContentEngine2023,
address = {Miami},
copyright = {CE Noticias Financieras English, Latin America - Distributed by ContentEngine LLC},
edition = {English ed.},
journal = {CE Noticias Financieras},
keywords = {Audiences ; Streaming technology (Telecommunications)},
language = {eng},
publisher = {ContentEngine LLC, a Florida limited liability company},
title = {Drama, action, comedy... what is the genre that Peruvians prefer in streaming? Study reveals it},
year = {2023},
}