@article{Mittelman2007,
author = {Mittelman, James H},
copyright = {COPYRIGHT 2007 John Wiley & Sons, Inc.},
issn = {0098-7921},
journal = {Population and development review},
keywords = {College teachers ; Criticism and interpretation ; Developing countries ; Economic aspects ; Poverty ; Social aspects ; United States},
language = {eng},
number = {4},
pages = {821-},
publisher = {John Wiley & Sons, Inc},
title = {Paul Collier: The Bottom Billion: Why the Poorest Countries Are Failing and What Can Be Done About It},
volume = {33},
year = {2007},
}

@article{Piketty2015,
author = {Piketty, Thomas},
address = {Nashville},
copyright = {Copyright Â© 2015 American Economic Association},
issn = {0895-3309},
journal = {The Journal of economic perspectives},
keywords = {21st century ; Actors ; Capital ; Economic development ; Economics ; Economists ; Equality ; History ; Income distribution ; Joint products ; Taxation ; Wage-price policy ; Wealth},
language = {eng},
number = {1},
pages = {67-88},
publisher = {American Economic Association},
title = {Putting Distribution Back at the Center of Economics: Reflections on "Capital in the Twenty-First Century"},
volume = {29},
year = {2015},
}

